@inproceedings{karulkarapplication,
  title={Application of Interacting Models to Estimate the Gait Speed of an Exoskeleton User},
  author={Karulkar, Roopak M and Wensing, Patrick M},
  booktitle={IEEE International Conference on Intelligent Robots and Systems},
  year={2020}
}

@misc{nih,
  title = {Spinal Cord Injury: Hope Through Research},
  url = {https://www.ninds.nih.gov/Disorders/Patient-Caregiver-Education/Hope-Through-Research/Spinal-Cord-Injury-Hope-Through-Research},
  }

@ARTICLE{karulkar2021using,
  author={Karulkar, Roopak M and Wensing, Patrick M},
  journal={IEEE Robotics and Automation Letters}, 
  title={Using Footsteps to Estimate Changes in the Desired Gait Speed of an Exoskeleton User}, 
  year={2021},
  volume={6},
  number={4},
  pages={6781-6788},
  doi={10.1109/LRA.2021.3096163}
}

@article{hidler2011role,
  title={Role of robotics in neurorehabilitation},
  author={Hidler, Joseph and Sainburg, Robert},
  journal={Topics in Spinal Cord Injury Rehabilitation},
  volume={17},
  number={1},
  pages={42--49},
  year={2011},
  publisher={Thomas Land Publishers Inc.}
}

@misc{rewalk, 
title= "Rewalk Personal Exoskeleton System Cleared by {FDA} for Home Use",
author= "J. Wlach",
howpublished = "Website", 
note="\url{https://ir.rewalk.com/news-releases/news-release-details/rewalktm-personal-exoskeleton-system-cleared-fda-home-use}",
}

@article{brenner2016exploring,
  title={Exploring the psychosocial impact of Ekso Bionics Technology},
  author={Brenner, Lisa},
  journal={Archives of Physical Medicine and Rehabilitation},
  volume={97},
  number={10},
  pages={e113},
  year={2016},
  publisher={Elsevier}
}

@article{sup2008design,
  title={Design and control of a powered transfemoral prosthesis},
  author={Sup, Frank and Bohara, Amit and Goldfarb, Michael},
  journal={The International Journal of Robotics Research},
  volume={27},
  number={2},
  pages={263--273},
  year={2008},
  publisher={Sage Publications Sage UK: London, England}
}

@article{hoffman2007cost,
  title={Cost-based anticipatory action selection for human--robot fluency},
  author={Hoffman, Guy and Breazeal, Cynthia},
  journal={IEEE Transactions on Robotics},
  volume={23},
  number={5},
  pages={952--961},
  year={2007},
  publisher={IEEE}
}

@article{crandall2005validating,
  title={Validating human-robot interaction schemes in multitasking environments},
  author={Crandall, Jacob W and Goodrich, Michael A and Olsen, Dan R and Nielsen, Curtis W},
  journal={IEEE Transactions on Systems, Man, and Cybernetics-Part A: Systems and Humans},
  volume={35},
  number={4},
  pages={438--449},
  year={2005},
  publisher={IEEE}
}


@inproceedings{corteville2007human,
  title={Human-inspired robot assistant for fast point-to-point movements},
  author={Corteville, Brecht and Aertbeli{\"e}n, Erwin and Bruyninckx, Herman and De Schutter, Joris and Van Brussel, Hendrik},
  booktitle={IEEE International Conference on Robotics and Automation},
  pages={3639--3644},
  year={2007}
}

@article{pehlivan2015minimal,
  title={Minimal assist-as-needed controller for upper limb robotic rehabilitation},
  author={Pehlivan, Ali Utku and Losey, Dylan P and O'Malley, Marcia K},
  journal={IEEE Transactions on Robotics},
  volume={32},
  number={1},
  pages={113--124},
  year={2015},
  publisher={IEEE}
}

@inproceedings{brescianini2011ins,
  title={{INS/EKF}-based stride length, height and direction intent detection for walking assistance robots},
  author={Brescianini, Dario and Jung, Jun-Young and Jang, In-Hun and Park, Hyun Sub and Riener, Robert},
  booktitle={IEEE International Conference on Rehabilitation Robotics},
  pages={1--5},
  year={2011}
}

@data{exoWalkerData,
doi = {10.21227/r9ap-mk26},
url = {https://dx.doi.org/10.21227/r9ap-mk26},
author = {Taylor Gambon },
publisher = {IEEE Dataport},
title = {Onboard Exoskeleton Data During User Intent Changes},
year = {2020} } 

@article{gambon2020effects,
  title={Effects of User Intent Changes on Onboard Sensor Measurements During Exoskeleton-Assisted Walking},
  author={Gambon, Taylor M and Schmiedeler, James P and Wensing, Patrick M},
  journal={IEEE Access},
  year={2020},
  publisher={IEEE}
}

@inproceedings{Gambon20b,
	Author = {Taylor Gambon and James P. Schmiedeler and Patrick M. Wensing},
	Booktitle = {IEEE RAS/EMBS International Conference on Biomedical Robotics and Biomechatronics},
	Title = {User Intent Identification in a Lower-Extremity Exoskeleton via the Mahalanobis Distance},
	pages={1115--1121},
	Year = {2020}
}

@inproceedings{sarac2013brain,
  title={Brain computer interface based robotic rehabilitation with online modification of task speed},
  author={Sarac, Mine and Koyas, Ela and Erdogan, Ahmetcan and Cetin, Mujdat and Patoglu, Volkan},
  booktitle={2013 IEEE 13th International Conference on Rehabilitation Robotics (ICORR)},
  pages={1--7},
  year={2013},
  organization={IEEE}
}

@article{rota2011walk,
  title={Walk ratio (step length/cadence) as a summary index of neuromotor control of gait: application to multiple sclerosis},
  author={Rota, Viviana and Perucca, Laura and Simone, Anna and Tesio, Luigi},
  journal={International journal of rehabilitation research},
  volume={34},
  number={3},
  pages={265--269},
  year={2011},
  publisher={LWW}
}

@article{thatte2019robust,
  title={Robust and adaptive lower limb prosthesis stance control via extended kalman filter-based gait phase estimation},
  author={Thatte, Nitish and Shah, Tanvi and Geyer, Hartmut},
  journal={IEEE Robotics and Automation Letters},
  volume={4},
  number={4},
  pages={3129--3136},
  year={2019},
  publisher={IEEE}
}

@inproceedings{gambon2019characterizing,
  title={Characterizing Intent Changes in Exoskeleton-Assisted Walking Through Onboard Sensors},
  author={Gambon, Taylor M and Schmiedeler, James P and Wensing, Patrick M},
  booktitle={IEEE International Conference on Rehabilitation Robotics},
  pages={471--476},
  year={2019}
}

@inproceedings{sylla2014assessing,
  title={Assessing neuromuscular mechanisms in human-exoskeleton interaction},
  author={Sylla, Nahema and Bonnet, Vincent and Venture, Gentiane and Armande, Nasser and Fraisse, Philippe},
  booktitle={2014 36th Annual International Conference of the IEEE Engineering in Medicine and Biology Society},
  pages={1210--1213},
  year={2014},
  organization={IEEE}
}

@article{fukuchi2018public,
  title={A public dataset of overground and treadmill walking kinematics and kinetics in healthy individuals},
  author={Fukuchi, Claudiane A and Fukuchi, Reginaldo K and Duarte, Marcos},
  journal={PeerJ},
  volume={6},
  pages={e4640},
  year={2018},
  publisher={PeerJ Inc.}
}

@article{sohn2018variability,
  title={Variability of leg kinematics during overground walking in persons with chronic incomplete spinal cord injury},
  author={Sohn, Won Joon and Tan, Andrew Q and Hayes, Heather B and Pochiraju, Saahith and Deffeyes, Joan and Trumbower, Randy D},
  journal={Journal of neurotrauma},
  volume={35},
  number={21},
  pages={2519--2529},
  year={2018},
  publisher={Mary Ann Liebert, Inc., publishers 140 Huguenot Street, 3rd Floor New~â€¦}
}

@article{krawetz1996gait,
  title={Gait analysis of spinal cord injured subjects: effects of injury level and spasticity},
  author={Krawetz, Patricia and Nance, Patricia},
  journal={Archives of Physical Medicine and Rehabilitation},
  volume={77},
  number={7},
  pages={635--638},
  year={1996},
  publisher={Elsevier}
}

@inproceedings{wang2008accelerometry,
  title={Accelerometry based classification of gait patterns using empirical mode decomposition},
  author={Wang, Ning and Ambikairajah, Eliathamby and Celler, Branko G and Lovell, Nigel H},
  booktitle={2008 IEEE International Conference on Acoustics, Speech and Signal Processing},
  pages={617--620},
  year={2008},
  organization={IEEE}
}

@article{kilmartin2009optimising,
  title={Optimising recognition rates for subject independent gait pattern classification},
  author={Kilmartin, Liam and Ibrahim, Ronny K and Ambikairajah, Eliathamby and Celler, Branko},
  year={2009},
  publisher={IET}
}

@article{ibrahim2008gait,
  title={Gait patterns classification using spectral features},
  author={Ibrahim, Ronny K and Ambikairajah, E and Celler, Branko and Lovell, Nigel H and Kilmartin, Liam},
  year={2008},
  publisher={IET}
}

@article{young2015classification,
  title={A classification method for user-independent intent recognition for transfemoral amputees using powered lower limb prostheses},
  author={Young, Aaron J and Hargrove, Levi J},
  journal={IEEE Transactions on Neural Systems and Rehabilitation Engineering},
  volume={24},
  number={2},
  pages={217--225},
  year={2015},
  publisher={IEEE}
}

@article{bhakta2020machine,
  title={Machine Learning Model Comparisons of User Independent \& Dependent Intent Recognition Systems for Powered Prostheses},
  author={Bhakta, Krishan and Camargo, Jonathan and Donovan, Luke and Herrin, Kinsey and Young, Aaron},
  journal={IEEE Robotics and Automation Letters},
  volume={5},
  number={4},
  pages={5393--5400},
  year={2020},
  publisher={IEEE}
}

@article{massalin2017user,
  title={User-independent intent recognition for lower limb prostheses using depth sensing},
  author={Massalin, Yerzhan and Abdrakhmanova, Madina and Varol, Huseyin Atakan},
  journal={IEEE Transactions on Biomedical Engineering},
  volume={65},
  number={8},
  pages={1759--1770},
  year={2017},
  publisher={IEEE}
}

@article{hu2018benchmark,
  title={Benchmark datasets for bilateral lower-limb neuromechanical signals from wearable sensors during unassisted locomotion in able-bodied individuals},
  author={Hu, Blair and Rouse, Elliott and Hargrove, Levi},
  journal={Frontiers in Robotics and AI},
  volume={5},
  pages={14},
  year={2018},
  publisher={Frontiers}
}

@inproceedings{anguita2013public,
  title={A public domain dataset for human activity recognition using smartphones.},
  author={Anguita, Davide and Ghio, Alessandro and Oneto, Luca and Parra, Xavier and Reyes-Ortiz, Jorge Luis},
  booktitle={Esann},
  volume={3},
  pages={3},
  year={2013}
}

@article{hof2010balance,
  title={Balance responses to lateral perturbations in human treadmill walking},
  author={Hof, At L and Vermerris, SM and Gjaltema, WA},
  journal={Journal of Experimental Biology},
  volume={213},
  number={15},
  pages={2655--2664},
  year={2010},
  publisher={The Company of Biologists Ltd}
}

@article{redfern1994model,
  title={A model of foot placement during gait},
  author={Redfern, Mark S and Schumann, Timothy},
  journal={Journal of biomechanics},
  volume={27},
  number={11},
  pages={1339--1346},
  year={1994},
  publisher={Elsevier}
}

@article{wang2014stepping,
  title={Stepping in the direction of the fall: the next foot placement can be predicted from current upper body state in steady-state walking},
  author={Wang, Yang and Srinivasan, Manoj},
  journal={Biology letters},
  volume={10},
  number={9},
  pages={20140405},
  year={2014},
  publisher={The Royal Society}
}

@article{bauby2000active,
  title={Active control of lateral balance in human walking},
  author={Bauby, Catherine E and Kuo, Arthur D},
  journal={Journal of biomechanics},
  volume={33},
  number={11},
  pages={1433--1440},
  year={2000},
  publisher={Elsevier}
}

@article{andriacchi1977walking,
  title={Walking speed as a basis for normal and abnormal gait measurements},
  author={Andriacchi, TP and Ogle, JA and Galante, JO},
  journal={Journal of Biomechanics},
  volume={10},
  number={4},
  pages={261--268},
  year={1977},
  publisher={Elsevier}
}

@article{lee2020image,
  title={Image Transformation and CNNs: A Strategy for Encoding Human Locomotor Intent for Autonomous Wearable Robots},
  author={Lee, Ung Hee and Bi, Justin and Patel, Rishi and Fouhey, David and Rouse, Elliott},
  journal={IEEE Robotics and Automation Letters},
  volume={5},
  number={4},
  pages={5440--5447},
  year={2020},
  publisher={IEEE}
}

@article{moolchandani2021design,
  title={Design of an Intent Recognition System for Dynamic, Rapid Motions in Unstructured Environments},
  author={Moolchandani, Pooja R and Mazumdar, Anirban and Young, Aaron J},
  journal={ASME Letters in Dynamic Systems and Control},
  volume={2},
  number={1},
  pages={011004},
  year={2021},
  publisher={American Society of Mechanical Engineers}
}

 @inproceedings{young2013classifying,
  title={Classifying the intent of novel users during human locomotion using powered lower limb prostheses},
  author={Young, Aaron J and Simon, Ann M and Fey, Nicholas P and Hargrove, Levi J},
  booktitle={International IEEE/EMBS Conference on Neural Engineering},
  pages={311--314},
  year={2013}
}

@inproceedings{zhao2019maximum,
  title={Maximum relevance and minimum redundancy feature selection methods for a marketing machine learning platform},
  author={Zhao, Zhenyu and Anand, Radhika and Wang, Mallory},
  booktitle={2019 IEEE International Conference on Data Science and Advanced Analytics (DSAA)},
  pages={442--452},
  year={2019},
  organization={IEEE}
}

@article{peng2005feature,
  title={Feature selection based on mutual information criteria of max-dependency, max-relevance, and min-redundancy},
  author={Peng, Hanchuan and Long, Fuhui and Ding, Chris},
  journal={IEEE Transactions on pattern analysis and machine intelligence},
  volume={27},
  number={8},
  pages={1226--1238},
  year={2005},
  publisher={IEEE}
}

@article{bailey2017relationship,
  title={Is the relationship between stride length, frequency, and velocity influenced by running on a treadmill or overground?},
  author={Bailey, Joshua and Mata, Tiffany and Mercer, John A},
  journal={International journal of exercise science},
  volume={10},
  number={7},
  pages={1067},
  year={2017},
  publisher={Western Kentucky University}
}

@article{krausz2015depth,
  title={Depth sensing for improved control of lower limb prostheses},
  author={Krausz, Nili Eliana and Lenzi, Tommaso and Hargrove, Levi J},
  journal={IEEE Transactions on Biomedical Engineering},
  volume={62},
  number={11},
  pages={2576--2587},
  year={2015},
  publisher={IEEE}
}

@inproceedings{best2021phase,
  title={Phase-variable control of a powered knee-ankle prosthesis over continuously varying speeds and inclines},
  author={Best, T Kevin and Embry, K and Rouse, Elliott J and Gregg, Robert D},
  booktitle={IEEE/RSJ Int. Conf. Intell. Robots Syst},
  year={2021}
}

@article{curt2008recovery,
  title={Recovery from a spinal cord injury: significance of compensation, neural plasticity, and repair},
  author={Curt, Armin and Van Hedel, Hubertus JA and Klaus, Daniel and Dietz, Volker and EM-SCI study group},
  journal={Journal of neurotrauma},
  volume={25},
  number={6},
  pages={677--685},
  year={2008},
  publisher={Mary Ann Liebert, Inc. 140 Huguenot Street, 3rd Floor New Rochelle, NY 10801~â€¦}
}

@article{duchi2007derivations,
  title={Derivations for linear algebra and optimization},
  author={Duchi, John},
  journal={Berkeley, California},
  volume={3},
  number={1},
  pages={2325--5870},
  year={2007}
}

@article{ding2005minimum,
  title={Minimum redundancy feature selection from microarray gene expression data},
  author={Ding, Chris and Peng, Hanchuan},
  journal={Journal of bioinformatics and computational biology},
  volume={3},
  number={02},
  pages={185--205},
  year={2005},
  publisher={World Scientific}
}

@book{winter2009biomechanics,
  title={Biomechanics and motor control of human movement},
  author={Winter, David A},
  pages={56--57},
  year={2009},
  
  publisher={John Wiley \& Sons}
}

@article{devivo2011costs,
  title={Costs of care following spinal cord injury},
  author={DeVivo, Michael and Chen, Yuying and Mennemeyer, Stephen and Deutsch, Anne},
  journal={Topics in spinal cord injury rehabilitation},
  volume={16},
  number={4},
  pages={1--9},
  year={2011},
  publisher={Thomas Land Publishers Inc.}
}

@article{hoffman2019evaluating,
  title={Evaluating fluency in human--robot collaboration},
  author={Hoffman, Guy},
  journal={IEEE Transactions on Human-Machine Systems},
  volume={49},
  number={3},
  pages={209--218},
  year={2019},
  publisher={IEEE}
}

@article{Schmiedeler2018,
doi = {10.1115/1.4039146},
issn = {00036900},
journal = {Applied Mechanics Reviews},
author={Schmiedeler, James P and Wensing, Patrick M},
number = {1},
pages = {1--3},
title = {{Discussion of "a review of intent detection, arbitration, and communication aspects of shared control for physical human-robot interaction" (Losey, D. P., McDonald, C. G., Battaglia, E., and O'Malley, M. K., 2018, ASME Appl. Mech. Rev., 70(1), p. 010804}},
volume = {70},
year = {2018}
}

@article{ison2014role,
  title={The role of muscle synergies in myoelectric control: trends and challenges for simultaneous multifunction control},
  author={Ison, Mark and Artemiadis, Panagiotis},
  journal={Journal of neural engineering},
  volume={11},
  number={5},
  pages={051001},
  year={2014},
  publisher={IOP Publishing}
}

@article{tkach2010study,
  title={Study of stability of time-domain features for electromyographic pattern recognition},
  author={Tkach, Dennis and Huang, He and Kuiken, Todd A},
  journal={Journal of neuroengineering and rehabilitation},
  volume={7},
  number={1},
  pages={1--13},
  year={2010},
  publisher={BioMed Central}
}

@article{losey2018review,
  title={A review of intent detection, arbitration, and communication aspects of shared control for physical human--robot interaction},
  author={Losey, Dylan P and McDonald, Craig G and Battaglia, Edoardo and O'Malley, Marcia K},
  journal={Applied Mechanics Reviews},
  volume={70},
  number={1},
  year={2018},
  publisher={American Society of Mechanical Engineers Digital Collection}
}

@article{zhang2019admittance,
  title={Admittance shaping-based assistive control of SEA-driven robotic hip exoskeleton},
  author={Zhang, Ting and Tran, Minh and Huang, He},
  journal={IEEE/ASME Transactions on Mechatronics},
  volume={24},
  number={4},
  pages={1508--1519},
  year={2019},
  publisher={IEEE}
}

@article{nagarajan2016integral,
  title={Integral admittance shaping: A unified framework for active exoskeleton control},
  author={Nagarajan, Umashankar and Aguirre-Ollinger, Gabriel and Goswami, Ambarish},
  journal={Robotics and Autonomous Systems},
  volume={75},
  pages={310--324},
  year={2016},
  publisher={Elsevier}
}

@article{suzuki2007intention,
  title={Intention-based walking support for paraplegia patients with Robot Suit {HAL}},
  author={Suzuki, Kenta and Mito, Gouji and Kawamoto, Hiroaki and Hasegawa, Yasuhisa and Sankai, Yoshiyuki},
  journal={Advanced Robotics},
  volume={21},
  number={12},
  pages={1441--1469},
  year={2007},
  publisher={Taylor \& Francis}
}

@misc{goffer2012locomotion,
  title={Locomotion assisting device and method},
  author={Goffer, Amit and Zilberstein, Chaya},
  year={2012},
  month=jan # "~17",
  publisher={Google Patents},
  note={US Patent 8,096,965}
}

@inproceedings{liu2015dynamic,
  title={Dynamic walking in a humanoid robot based on a {3D} actuated {Dual}-{SLIP} model},
  author={Liu, Yiping and Wensing, Patrick M and Orin, David E and Zheng, Yuan F},
  booktitle={IEEE International Conference on Robotics and Automation},
  pages={5710--5717},
  year={2015}
}

@inproceedings{tucker2020preference,
  title={Preference-based learning for exoskeleton gait optimization},
  author={Tucker, Maegan and Novoseller, Ellen and Kann, Claudia and Sui, Yanan and Yue, Yisong and Burdick, Joel W and Ames, Aaron D},
  booktitle={2020 IEEE International Conference on Robotics and Automation (ICRA)},
  pages={2351--2357},
  year={2020},
  organization={IEEE}
}

@article{lewek2019minimal,
  title={Minimal detectable change for gait speed depends on baseline speed in individuals with chronic stroke},
  author={Lewek, Michael D and Sykes III, Robert},
  journal={Journal of neurologic physical therapy: JNPT},
  volume={43},
  number={2},
  pages={122},
  year={2019},
  publisher={NIH Public Access}
}

@article{geyer2006compliant,
  title={Compliant leg behaviour explains basic dynamics of walking and running},
  author={Geyer, Hartmut and Seyfarth, Andre and Blickhan, Reinhard},
  journal={Proceedings of the Royal Society B: Biological Sciences},
  volume={273},
  number={1603},
  pages={2861--2867},
  year={2006},
  publisher={The Royal Society London}
}

@article{socie2013gait,
  title={Gait variability and disability in multiple sclerosis},
  author={Socie, Michael J and Motl, Robert W and Pula, John H and Sandroff, Brian M and Sosnoff, Jacob J},
  journal={Gait \& posture},
  volume={38},
  number={1},
  pages={51--55},
  year={2013},
  publisher={Elsevier}
}

@article{mohandas2012minimal,
  title={Minimal detectable change for spatial and temporal measurements of gait after incomplete spinal cord injury},
  author={Mohandas Nair, Preeti and George Hornby, T and Louis Behrman, Andrea},
  journal={Topics in spinal cord injury rehabilitation},
  volume={18},
  number={3},
  pages={273--281},
  year={2012},
  publisher={Thomas Land Publishers Inc.}
}

@inproceedings{shen2013motion,
  title={Motion intent recognition for control of a lower extremity assistive device (LEAD)},
  author={Shen, Bingquan and Li, Jinfu and Bai, Fengjun and Chew, Chee-Meng},
  booktitle={IEEE International Conference on Mechatronics and Automation},
  pages={926--931},
  year={2013}
}

@article{chen2018dynamic,
  title={Dynamic balance gait for walking assistance exoskeleton},
  author={Chen, Qiming and Cheng, Hong and Yue, Chunfeng and Huang, Rui and Guo, Hongliang},
  journal={Applied Bionics and Biomechanics},
  volume={2018},
  year={2018},
  publisher={Hindawi}
}

@inproceedings{kalinowska2019data,
  title={Data-driven gait segmentation for walking assistance in a lower-limb assistive device},
  author={Kalinowska, Aleksandra and Berrueta, Thomas A and Zoss, Adam and Murphey, Todd},
  booktitle={IEEE International Conference on Robotics and Automation},
  pages={1390--1396},
  year={2019}
}

@inproceedings{ge2011neural,
  title={Neural-network-based human intention estimation for physical human-robot interaction},
  author={Ge, Shuzhi Sam and Li, Yanan and He, Hongsheng},
  booktitle={2011 8th International Conference on Ubiquitous Robots and Ambient Intelligence (URAI)},
  pages={390--395},
  year={2011},
  organization={IEEE}
}

@article{joukov2017rhythmic,
  title={Rhythmic extended Kalman filter for gait rehabilitation motion estimation and segmentation},
  author={Joukov, Vladimir and Bonnet, Vincent and Karg, Michelle and Venture, Gentiane and Kuli{\'c}, Dana},
  journal={IEEE Transactions on Neural Systems and Rehabilitation Engineering},
  volume={26},
  number={2},
  pages={407--418},
  year={2017},
  publisher={IEEE}
}

@misc{gaitrehabgantry,
title= "Biodex Gait Trainer 3",
author= "{}",
howpublished = "Website", 
note="\url{https://www.iprsmediquipe.com/products/biodex-gait-trainer-3/#unweighing-system}",
}

@article{garcia1998simplest,
  title={The simplest walking model: stability, complexity, and scaling},
  author={Garcia, Mariano and Chatterjee, Anindya and Ruina, Andy and Coleman, Michael},
  year={1998}
}

@book{strogatz2018nonlinear,
  title={Nonlinear dynamics and chaos: with applications to physics, biology, chemistry, and engineering},
  author={Strogatz, Steven H},
  year={2018},
  publisher={CRC press}
}

@book{Crassidis,
 author = {Crassidis, John L. and Junkins, John L.},
 title = {Optimal Estimation of Dynamic Systems, Second Edition (Chapman \& Hall/CRC Applied Mathematics \& Nonlinear Science)},
 year = {2011},
 isbn = {1439839859, 9781439839850},
 edition = {2nd},
 publisher = {Chapman \& Hall/CRC},
} 

@article{kalman1960new,
  title={A new approach to linear filtering and prediction problems},
  author={Kalman, Rudolph Emil},
  year={1960}
}


